@Article{fill.pemantle:percolation,
   author = {James Allen Fill and Robin Pemantle},
   title = {Percolation, First-Passage Percolation and Covering Times
            for Richardson's Model on the $n$-Cube},
   journal = {The Annals of Applied Probability},
   volume = 3,
   number = 2,
   pages = {593--629},
   year = {1993}
}

@Book{mohar.thomassen:graphs,
   author = {Bojan Mohar and Carsten Thomassen},
   title = {Graphs on Surfaces},
   publisher = {Johns Hopkins University Press},
   address = {Baltimore, Maryland},
   year = 2001,
} 

